@article{HU19991353,
title = "Simulation and optimization of a coupled reactor/column system for trioxane synthesis",
journal = "Chemical Engineering Science",
volume = "54",
number = "10",
pages = "1353 - 1358",
year = "1999",
note = "",
issn = "0009-2509",
doi = "http://dx.doi.org/10.1016/S0009-2509(99)00072-X",
url = "http://www.sciencedirect.com/science/article/pii/S000925099900072X",
author = "Ming Hu and Xing-Gui Zhou and Wei-Kang Yuan",
keywords = "coupled reactor/column system",
keywords = "trioxane synthesis",
keywords = "time/space yield",
keywords = "energy efficiency",
keywords = "trioxane",
keywords = "formaldehyd"
}

@book{smith2005introduction,
  title={Introduction to chemical engineering thermodynamics},
  author={Smith, J.M. and Van Ness, H.C. and Abbott, M.M.},
  isbn={9780073104454},
  lccn={2004058781},
  series={McGraw-Hill chemical engineering series},
  url={https://books.google.co.za/books?id=3spTAAAAMAAJ},
  year={2005},
  publisher={McGraw-Hill}
}
